@book{WuKumar2009,
  title={The Top Ten Algorithms in Data Mining},
  author={Wu, Xindong and Kumar, Vipin},
  year={2009},
  publisher={CRC press}
}