@book{WuKumar2009,
  title     = {The Top Ten Algorithms in Data Mining},
  author    = {Wu, Xindong and Kumar, Vipin},
  year      = {2009},
  publisher = {CRC press}
}
@inproceedings{viola2001rapid,
  title        = {Rapid object detection using a boosted cascade of simple features},
  author       = {Viola, Paul and Jones, Michael},
  booktitle    = {Proceedings of the 2001 IEEE Computer Society Conference on Computer Vision and Pattern Recognition. CVPR 2001},
  year         = {2001},
  organization = {IEEE}
}

@article{panwar2022detection,
  title   = {Detection of Spam Email},
  author  = {Panwar, Manish and Jogi, Jayesh Rajesh and Mankar, Mahesh Vijay and Alhassan, Mohamed and Kulkarni, Shreyas},
  journal = {AJISE},
  volume  = {1},
  issue   = {1},
  pages   = {},
  year    = {2022},
  doi     = {10.54536/ajise.v1i1.996},
  url     = {https://dx.doi.org/10.54536/ajise.v1i1.996}
}

